@ONLINE{SCRUMMASTER,
  title = {Scrum Process Mechanics},
  author = {William C. Wake and Alexander Kriegisch},
  year = {2004-2010},
  url = {http://scrum-master.de/files/Scrum_on_1_page.pdf}
}
@ONLINE{CONVENTIONS,
  title = {Code Conventions for the Java\texttrademark Programming Language},
  author = {Sun Microsystems Inc.},
  year = {1999},
  url = {http://www.oracle.com/technetwork/java/codeconvtoc-136057.html}
}
@ONLINE{JAVABEANS,
  title = {JavaBeans\texttrademark Specification},
  author = {Sun Microsystems Inc.},
  editor = {Graham Hamilton},
  year = {1997},
  url = {http://download.oracle.com/otndocs/jcp/7224-javabeans-1.01-fr-spec-oth-JSpec/}
}
@BOOK{JLS, 
title={Javaâ„¢ Language Specification, The (3rd Edition)},
author={James Gosling and Bill Joy and Guy Steele and Gilad Bracha},
publisher={Addison Wesley},
year={2005},
month={6},
edition={3},
isbn={9780321246783}
}